# Our report
@inproceedings{bender,
    title={Divergence-free smoothed particle hydrodynamics},
    author={Bender, Jan and Koschier, Dan},
    booktitle={Proceedings of the 14th ACM SIGGRAPH/Eurographics Symposium on Computer Animation},
    pages={147--155},
    year={2015},
    organization={ACM}
}

# The original 1977 astrophysics SPH
@article{firstSPH,
    title={Smoothed particle hydrodynamics: theory and application to non-spherical stars},
    author={Gingold, Robert A and Monaghan, Joseph J},
    journal={Monthly notices of the royal astronomical society},
    volume={181},
    number={3},
    pages={375--389},
    year={1977},
    publisher={Oxford University Press}
}

# Bridson's work
@book{bridson,
    title={Fluid Simulation for Computer Graphics},
    author={Bridson, R.},
    isbn={9781568813264},
    lccn={2008021768},
    series={Ak Peters Series},
    url={https://books.google.se/books?id=gFI8y87VCZ8C},
    year={2008},
    publisher={Taylor \& Francis}
}
